@article{greenwade93,
    author  = "George D. Greenwade",
    title   = "The {C}omprehensive {T}ex {A}rchive {N}etwork ({CTAN})",
    year    = "1993",
    journal = "TUGBoat",
    volume  = "14",
    number  = "3",
    pages   = "342--351"
}

@book {EK1989,
    AUTHOR = {Erwin Kreyszing.},
     TITLE = {Introductory functional analysis with application},
 PUBLISHER = {University of Windsor},
      YEAR = {1989},
}


@book {TA2008,
    AUTHOR = {Tom Apostol},
     TITLE = {Calculus},
 PUBLISHER = {Editorial Reverité S.A.},
   ADDRESS = {Quito},
      YEAR = {2008},
}


@book {Lamport,
    AUTHOR = {Tom Apostol},
     TITLE = {Calculus},
 PUBLISHER = {Editorial Reverité S.A.},
   ADDRESS = {Quito},
      YEAR = {2008},
}


